@article{BF2002,
author = "Bryan, G. J. and Fritsch, J. M.",
year = "2002",
title = "A Benchmark Simulation for Moist Nonhydrostatic Numerical Models",
journal = "Monthly Weather Review",
volume = "130",
pages = "2917-2928"
}
@article{Smith1990,
author = "Smith, R. N. B.",
year = "1990",
title = "A scheme for predicting layer clouds and their water content in a general circulation model",
journal = "Quarterly Journal of the Royal Meteorological Society",
volume = "116",
pages = "435-460"
}
@article{Wilson2008,
author = "Wilson, D. R. and Bushell, A. C. and Kerr-Munslow, A. M. and Price, J. D. and Morcrette, C. J.",
year = "2008",
title = "{PC2}: A prognostic cloud fraction and condensation scheme. {I}: Scheme description",
journal = "Quarterly Journal of the Royal Meteorological Society",
volume = "134",
pages = "2093-2107"
}
@article{RH1983,
author = "Rutledge, S. A. and Hobbs, P. V.",
year = "1983",
title = "The mesoscale and microscale structure and organization of clouds and precipitation in mid-latitude cyclones. {VIII}: A model for the ``seeder-feeder'' process in warm-frontal rainbands",
journal = "Journal of the Atmospheric Sciences",
volume = "40",
pages = "1185-1206"
}
@article{GS1990,
author = "Grabowski, W. W. and Smolarkiewicz, P. K.",
year = "1990",
title = "Monotone Finite-Difference Approximations to the Advection-Condensation problem",
journal = "Monthly Weather Review",
volume = "118",
pages = "2082-2097"
}
@article{Jaehn2015,
author = "J{\"{a}}hn, M. and Knoth, O. and K{\"{o}}nig, M. and Vogelsberg, U.",
year = "2015",
title = "{ASAM} v2.7: a compressible atmospheric model with a Cartesian cut cell approach",
journal = "Geoscientific Model Development",
volume = 8,
pages = "317-340"
}
@article{Tiedtke1993,
author = "Tiedtke, M.",
year = "1993",
title = "Representation of clouds in large-scale models",
journal = "Monthly Weather Review",
volume = "121",
pages = "3040-3061"
}
@book{Ambaum2010,
title = "Thermal Physics of the Atmosphere",
author = "Ambaum, M. H. P.",
isbn = "9780470710371",
lccn = "2010005172",
series = "Advancing Weather and Climate Science",
year = "2010",
publisher = "Wiley"
}
@book{Durran2010,
author = "Durran, D. L.",
title = "Numerical Methods for Fluid Dynamics: with Applications to Geophysics",
publisher = "Springer",
isbn = "9781441964113",
year = "2010"
edition = "2"
}
